%% This BibTeX bibliography file was created using BibDesk.
%% http://bibdesk.sourceforge.net/

%% Created for Aran Borkum at 2018-05-14 13:03:16 +0100 


%% Saved with string encoding Unicode (UTF-8) 



@article{virdee2012physics,
	Author = {Virdee, TS},
	Date-Added = {2018-05-14 12:03:14 +0000},
	Date-Modified = {2018-05-14 12:03:14 +0000},
	Journal = {Phil. Trans. R. Soc. A},
	Number = {1961},
	Pages = {876--891},
	Publisher = {The Royal Society},
	Title = {Physics requirements for the design of the ATLAS and CMS experiments at the Large Hadron Collider},
	Volume = {370},
	Year = {2012}}

@article{kobayashi1973cp,
	Author = {Kobayashi, Makoto and Maskawa, Toshihide},
	Date-Added = {2018-05-03 15:09:52 +0000},
	Date-Modified = {2018-05-03 15:09:52 +0000},
	Journal = {Progress of Theoretical Physics},
	Number = {2},
	Pages = {652--657},
	Publisher = {Oxford University Press},
	Title = {CP-violation in the renormalizable theory of weak interaction},
	Volume = {49},
	Year = {1973}}

@article{ATLAS2012ATLAS,
	Author = {The ATLAS Collaboration},
	Date-Added = {2018-04-16 13:53:44 +0000},
	Date-Modified = {2018-04-16 13:54:59 +0000},
	Journal = {Science},
	Month = {Dec},
	Number = {8114},
	Pages = {1576-1582},
	Title = {A Particle Consistent with the Higgs Boson Observed with the ATLAS Detector at the Large Hadron Collider},
	Volume = {338},
	Year = {2012}}

@article{ade2014planck,
	Author = {Ade, Peter AR and Aghanim, Nabila and Armitage-Caplan, C and Arnaud, Monique and Ashdown, M and Atrio-Barandela, F and Aumont, J and Baccigalupi, Carlo and Banday, Anthony J and Barreiro, RB and others},
	Date-Added = {2018-04-16 13:32:15 +0000},
	Date-Modified = {2018-04-16 13:32:15 +0000},
	Journal = {Astronomy \& Astrophysics},
	Pages = {A23},
	Publisher = {EDP sciences},
	Title = {Planck 2013 results. XXIII. Isotropy and statistics of the CMB},
	Volume = {571},
	Year = {2014}}

@unpublished{Mobs:2197559,
	Author = {Mobs, Esma},
	Date-Added = {2018-04-16 13:19:30 +0000},
	Date-Modified = {2018-04-16 13:24:47 +0000},
	Lastchecked = {April 16, 2018},
	Month = {Jul},
	Note = {General Photo},
	Reportnumber = {OPEN-PHO-ACCEL-2016-009},
	Title = {{The CERN accelerator complex. Complexe des acc{\'e}l{\'e}rateurs du CERN}},
	Url = {https://cds.cern.ch/record/2197559},
	Year = {2016},
	Bdsk-Url-1 = {https://cds.cern.ch/record/2197559}}

@article{aaboud2016measurement,
	Author = {Aaboud, Morad and Aad, G and Abbott, B and Abdallah, J and Abdinov, O and Abeloos, B and Aben, R and AbouZeid, OS and Abraham, NL and Abramowicz, H and others},
	Date-Added = {2018-04-16 12:34:25 +0000},
	Date-Modified = {2018-04-16 12:34:25 +0000},
	Journal = {Physical review letters},
	Number = {18},
	Pages = {182002},
	Publisher = {APS},
	Title = {Measurement of the Inelastic Proton-Proton Cross Section at s= 13 TeV with the ATLAS Detector at the LHC},
	Volume = {117},
	Year = {2016}}

@article{barbier2005r,
	Author = {Barbier, R{\'e}mi and B{\'e}rat, Claude and Besan{\c{c}}on, Marc and Chemtob, M and Deandrea, A and Dudas, E and Fayet, P and Lavignac, S and Moreau, Gr{\'e}gory and Perez, E and others},
	Date-Added = {2018-04-11 09:03:59 +0000},
	Date-Modified = {2018-04-11 09:03:59 +0000},
	Journal = {Physics reports},
	Number = {1-6},
	Pages = {1--195},
	Publisher = {Elsevier},
	Title = {R-parity-violating supersymmetry},
	Volume = {420},
	Year = {2005}}

@article{jungman1996supersymmetric,
	Author = {Jungman, Gerard and Kamionkowski, Marc and Griest, Kim},
	Date-Added = {2018-04-11 09:00:35 +0000},
	Date-Modified = {2018-04-11 09:00:35 +0000},
	Journal = {Physics Reports},
	Number = {5-6},
	Pages = {195--373},
	Publisher = {Elsevier},
	Title = {Supersymmetric dark matter},
	Volume = {267},
	Year = {1996}}

@incollection{martin2010supersymmetry,
	Author = {Martin, Stephen P},
	Booktitle = {Perspectives on supersymmetry II},
	Date-Added = {2018-04-10 07:07:54 +0000},
	Date-Modified = {2018-04-10 07:07:54 +0000},
	Pages = {1--153},
	Publisher = {World Scientific},
	Title = {A supersymmetry primer},
	Year = {2010}}

@book{baer2006weak,
	Author = {Baer, Howard and Tata, Xerxes},
	Date-Added = {2018-04-06 13:37:13 +0000},
	Date-Modified = {2018-04-06 13:37:13 +0000},
	Publisher = {Cambridge University Press},
	Title = {Weak scale supersymmetry: From superfields to scattering events},
	Year = {2006}}

@article{chung2005soft,
	Author = {Chung, DJH and Everett, LL and Kane, GL and King, SF and Lykken, J and Wang, Lian-Tao},
	Date-Added = {2018-04-06 13:24:51 +0000},
	Date-Modified = {2018-04-06 13:24:51 +0000},
	Journal = {Physics Reports},
	Number = {1-3},
	Pages = {1--203},
	Publisher = {Elsevier},
	Title = {The soft supersymmetry-breaking Lagrangian: Theory and applications},
	Volume = {407},
	Year = {2005}}

@article{baer2015supergravity,
	Author = {Baer, Howard and Barger, Vernon and Savoy, Mike},
	Date-Added = {2018-04-02 10:46:25 +0000},
	Date-Modified = {2018-04-02 10:46:25 +0000},
	Journal = {Physica Scripta},
	Number = {6},
	Pages = {068003},
	Publisher = {IOP Publishing},
	Title = {Supergravity gauge theories strike back: There is no crisis for SUSY but a new collider may be required for discovery},
	Volume = {90},
	Year = {2015}}

@article{bertone2005particle,
	Author = {Bertone, Gianfranco and Hooper, Dan and Silk, Joseph},
	Date-Added = {2018-04-02 09:51:44 +0000},
	Date-Modified = {2018-04-02 09:51:44 +0000},
	Journal = {Physics Reports},
	Number = {5-6},
	Pages = {279--390},
	Publisher = {Elsevier},
	Title = {Particle dark matter: Evidence, candidates and constraints},
	Volume = {405},
	Year = {2005}}

@article{olive2014review,
	Author = {Olive, Keith A and Particle Data Group and others},
	Date-Added = {2018-04-02 09:45:34 +0000},
	Date-Modified = {2018-04-02 09:45:34 +0000},
	Journal = {Chinese Physics C},
	Number = {9},
	Pages = {090001},
	Publisher = {IOP Publishing},
	Title = {Review of particle physics},
	Volume = {38},
	Year = {2014}}

@article{canetti2012matter,
	Author = {Canetti, Laurent and Drewes, Marco and Shaposhnikov, Mikhail},
	Date-Added = {2018-04-02 09:41:16 +0000},
	Date-Modified = {2018-04-02 09:41:16 +0000},
	Journal = {New Journal of Physics},
	Number = {9},
	Pages = {095012},
	Publisher = {IOP Publishing},
	Title = {Matter and Antimatter in the Universe},
	Volume = {14},
	Year = {2012}}

@article{brandelik1979evidence,
	Author = {Brandelik, R and Braunschweig, W and Gather, K and Kadansky, V and L{\"u}belsmeyer, K and M{\"a}ttig, P and Martyn, H-U and Peise, G and Rimkus, J and Sander, HG and others},
	Date-Added = {2018-03-29 10:33:27 +0000},
	Date-Modified = {2018-03-29 10:33:27 +0000},
	Journal = {Physics Letters B},
	Number = {2},
	Pages = {243--249},
	Publisher = {Elsevier},
	Title = {Evidence for planar events in e+ e- annihilation at high energies},
	Volume = {86},
	Year = {1979}}

@article{chatrchyan2012observation,
	Author = {Chatrchyan, Serguei and Khachatryan, Vardan and Sirunyan, Albert M and Tumasyan, Armen and Adam, Wolfgang and Aguilo, Ernest and Bergauer, T and Dragicevic, M and Er{\"o}, J and Fabjan, C and others},
	Date-Added = {2018-03-28 14:05:30 +0000},
	Date-Modified = {2018-03-28 14:05:30 +0000},
	Journal = {Physics Letters B},
	Number = {1},
	Pages = {30--61},
	Publisher = {Elsevier},
	Title = {Observation of a new boson at a mass of 125 GeV with the CMS experiment at the LHC},
	Volume = {716},
	Year = {2012}}

@article{aad2012observation,
	Author = {Aad, Georges and Abajyan, T and Abbott, B and Abdallah, J and Khalek, S Abdel and Abdelalim, AA and Abdinov, O and Aben, R and Abi, B and Abolins, M and others},
	Date-Added = {2018-03-28 14:03:55 +0000},
	Date-Modified = {2018-03-28 14:03:55 +0000},
	Journal = {Physics Letters B},
	Number = {1},
	Pages = {1--29},
	Publisher = {Elsevier},
	Title = {Observation of a new particle in the search for the Standard Model Higgs boson with the ATLAS detector at the LHC},
	Volume = {716},
	Year = {2012}}

@article{eidemueller2000field,
	Author = {Eidemueller, M and Dosch, Hans Gunter and Jamin, M},
	Date-Added = {2018-03-27 12:23:30 +0000},
	Date-Modified = {2018-03-27 12:23:30 +0000},
	Journal = {Nuclear Physics B-Proceedings Supplements},
	Number = {1-3},
	Pages = {421--425},
	Publisher = {Elsevier},
	Title = {The field strength correlator from QCD sum rules},
	Volume = {86},
	Year = {2000}}

@article{higgs1964broken,
	Author = {Higgs, Peter W},
	Date-Added = {2018-03-26 12:30:05 +0000},
	Date-Modified = {2018-03-26 12:30:05 +0000},
	Journal = {Physics Letters},
	Number = {2},
	Pages = {132--133},
	Publisher = {North-Holland},
	Title = {Broken symmetries, massless particles and gauge fields},
	Volume = {12},
	Year = {1964}}

@article{englert1964broken,
	Author = {Englert, Fran{\c{c}}ois and Brout, Robert},
	Date-Added = {2018-03-26 12:29:43 +0000},
	Date-Modified = {2018-03-26 12:29:43 +0000},
	Journal = {Physical Review Letters},
	Number = {9},
	Pages = {321},
	Publisher = {APS},
	Title = {Broken symmetry and the mass of gauge vector mesons},
	Volume = {13},
	Year = {1964}}

@article{unificationenergy,
	Author = {Particle Data Group},
	Date-Added = {2018-03-26 12:04:33 +0000},
	Date-Modified = {2018-03-26 12:07:00 +0000},
	Journal = {Physics Letters B},
	Month = {September},
	Number = {1-5},
	Pages = {1-6},
	Title = {Review of Particle Physics},
	Volume = {667},
	Year = {2008}}

@article{glashow1959renormalizability,
	Author = {Glashow, Sheldon L},
	Date-Added = {2018-03-26 11:59:13 +0000},
	Date-Modified = {2018-03-26 11:59:13 +0000},
	Journal = {Nuclear Physics},
	Pages = {107--117},
	Publisher = {Elsevier},
	Title = {The renormalizability of vector meson interactions},
	Volume = {10},
	Year = {1959}}

@book{feynman2006qed,
	Author = {Feynman, Richard Phillips},
	Date-Added = {2018-03-26 10:26:49 +0000},
	Date-Modified = {2018-03-26 10:26:49 +0000},
	Publisher = {Princeton University Press},
	Title = {QED: The strange theory of light and matter},
	Year = {2006}}

@article{odom2006new,
	Author = {Odom, Brian and Hanneke, David and d'Urso, B and Gabrielse, Gerald},
	Date-Added = {2018-03-26 10:23:12 +0000},
	Date-Modified = {2018-03-26 10:23:12 +0000},
	Journal = {Physical Review Letters},
	Number = {3},
	Pages = {030801},
	Publisher = {APS},
	Title = {New measurement of the electron magnetic moment using a one-electron quantum cyclotron},
	Volume = {97},
	Year = {2006}}

@article{gabrielse2006precision,
	Author = {Gabrielse, Gerald and Hanneke, David},
	Date-Added = {2018-03-26 10:22:38 +0000},
	Date-Modified = {2018-03-26 10:22:38 +0000},
	Journal = {CERN Cour.},
	Pages = {35--37},
	Title = {Precision pins down the electron's magnetism},
	Volume = {46},
	Year = {2006}}

@article{oppenheimer1930note,
	Author = {Oppenheimer, J Robert},
	Date-Added = {2018-03-26 10:11:24 +0000},
	Date-Modified = {2018-03-26 10:11:24 +0000},
	Journal = {Physical Review},
	Number = {5},
	Pages = {461},
	Publisher = {APS},
	Title = {Note on the theory of the interaction of field and matter},
	Volume = {35},
	Year = {1930}}

@article{weisskopf1939self,
	Author = {Weisskopf, VF},
	Date-Added = {2018-03-26 10:07:43 +0000},
	Date-Modified = {2018-03-26 10:07:43 +0000},
	Journal = {Physical Review},
	Number = {1},
	Pages = {72},
	Publisher = {APS},
	Title = {On the self-energy and the electromagnetic field of the electron},
	Volume = {56},
	Year = {1939}}

@article{bloch1937note,
	Author = {Bloch, Felix and Nordsieck, Arnold},
	Date-Added = {2018-03-26 10:06:58 +0000},
	Date-Modified = {2018-03-26 10:06:58 +0000},
	Journal = {Physical Review},
	Number = {2},
	Pages = {54},
	Publisher = {APS},
	Title = {Note on the radiation field of the electron},
	Volume = {52},
	Year = {1937}}

@article{fermi1932quantum,
	Author = {Fermi, Enrico},
	Date-Added = {2018-03-26 09:58:12 +0000},
	Date-Modified = {2018-03-26 09:58:12 +0000},
	Journal = {Reviews of modern physics},
	Number = {1},
	Pages = {87},
	Publisher = {APS},
	Title = {Quantum theory of radiation},
	Volume = {4},
	Year = {1932}}

@book{peskin1995introduction,
	Author = {Peskin, Michael Edward},
	Date-Added = {2018-03-26 09:30:35 +0000},
	Date-Modified = {2018-03-26 09:30:35 +0000},
	Publisher = {Westview press},
	Title = {An introduction to quantum field theory},
	Year = {1995}}

@book{oerter2006theory,
	Author = {Oerter, Robert},
	Date-Added = {2018-03-23 13:44:52 +0000},
	Date-Modified = {2018-03-23 13:44:52 +0000},
	Publisher = {Penguin},
	Title = {The theory of almost everything: The standard model, the unsung triumph of modern physics},
	Year = {2006}}

@article{cowan2008discovery,
	Author = {Cowan, Glen and Gross, Eilam},
	Journal = {URL http://www. pp. rhul. ac. uk/\~{} cowan/stat/notes/SigCalcNote. pdf},
	Title = {Discovery significance with statistical uncertainty in the background estimate},
	Year = {2008}}
